% Encoding: Cp1252

@BOOK{Gratzer:1996,
  title = {Math into {\LaTeX}},
  publisher = {Birkhäuser},
  year = {1996},
  author = {George Grätzer}
}

@BOOK{Kopka:1999,
  title = {A guide to {\LaTeX}},
  publisher = {Addison-Wesley},
  year = {1999},
  author = {Helmut Kopka and Patrick W. Daly}
}

@MISC{e-mail,
  note = {e-m@il.com}
}

